Bibtex database for:

Reinventing the Wheel: Stress Analysis, Stability, and Optimization of the Bicycle Wheel
	by Matthew Ford, PhD Candidate, Northwestern University
	Department of Mechanical Engineering

-------------------------------------------------------------------------------
My papers
-------------------------------------------------------------------------------
@inproceedings{Ford2016,
	author = {Ford, Matthew and Papadopoulos, Jim M. and Balogun, Oluwaseyi},
	booktitle = {Proceedings of the 2016 Bicycle and Motorcycle Dynamics Conference},
	doi = {10.6084/m9.figshare.3856134},
	title = {{Buckling of the bicycle wheel}},
	year = {2016}
}

@inproceedings{Ford2017,
	address = {Davis, CA},
	author = {Ford, Matthew and Balogun, Oluwaseyi},
	booktitle = {6th Annual International Cycling Safety Conference},
	doi = {10.6084/m9.figshare.5404960},
	number = {September},
	title = {{Analytical Model for the Radial Strength and Collapse of the Bicycle Wheel}},
	year = {2017}
}

@article{Ford2018,
	author = {Ford, Matthew and Peng, Patrick and Balogun, Oluwaseyi},
	doi = {10.1007/s10921-018-0471-7},
	isbn = {0123456789},
	issn = {15734862},
	journal = {Journal of Nondestructive Evaluation},
	number = {1},
	pages = {1--7},
	publisher = {Springer US},
	title = {{Acoustic Modal Testing of Bicycle Rims}},
	url = {https://doi.org/10.1007/s10921-018-0471-7},
	volume = {37},
	year = {2018}
}



-------------------------------------------------------------------------------
Stability of curved beams
-------------------------------------------------------------------------------
@article{Teng1988b,
	author = {Teng, Jin-Guang and Rotter, J. Michael},
	journal = {Journal of Engineering Mechanics},
	number = {10},
	pages = {1651--1671},
	title = {{Buckling of restrained monosymmetric rings}},
	volume = {114},
	year = {1988}
}

@book{Vlasov1961,
	author = {Vlasov, V. Z.},
	publisher = {Israel Program for Scientific Translation},
	title = {{Thin-Walled Elastic Beams}},
	edition = {2nd},
	year = {1961}
}

@article{Yoo1982,
	author = {Yoo, Chai H.},
	journal = {Journal of the Engineering Mechanics Division},
	number = {6},
	pages = {1351--1369},
	title = {{Flexural-Torsional Stability of Curved Beams}},
	volume = {108},
	year = {1982}
}

@article{Pi1992,
	author = {Pi, Yong-Lin and Trahair, Nicholas S.},
	doi = {10.1061/(ASCE)0733-9445(1992)118:11(2949)},
	issn = {0733-9445},
	journal = {Journal of Structural Engineering},
	number = {11},
	pages = {2949--2966},
	title = {{Prebuckling Deflections and Lateral Buckling. I: Theory}},
	volume = {118},
	year = {1992}
}

@article{Pi1995,
	author = {Pi, Yong-Lin and Papangelis, John P. and Trahair, Nicholas S.},
	doi = {10.1061/(ASCE)0733-9445(1995)121:9(1313)},
	issn = {07339445 (ISSN)},
	journal = {Journal of structural engineering New York, N.Y.},
	number = {9},
	pages = {1313--1322},
	title = {{Prebuckling deformations and flexural-torsional buckling of arches}},
	volume = {121},
	year = {1995}
}

@article{Pi2002,
	author = {Pi, Yong-Lin and Bradford, Mark Andrew},
	doi = {10.1016/S0020-7683(02)00006-9},
	issn = {00207683},
	journal = {International Journal of Solids and Structures},
	month = {apr},
	number = {8},
	pages = {2299--2322},
	title = {{Elastic flexural-torsional buckling of continuously restrained arches}},
	volume = {39},
	year = {2002}
}

@article{Pi2005,
	author = {Pi, Yong-Lin. and Bradford, Mark Andrew. and Trahair, Nicholas S. and Chen, Y.Y.},
	doi = {10.1142/S0219455406001885},
	issn = {14658763},
	journal = {International Journal of Structural Stability and Dynamics},
	number = {2},
	pages = {163--183},
	title = {{A further study of flexural-torsional buckling of elastic arches}},
	volume = {5},
	year = {2005}
}

@article{Bradford2006b,
	author = {Bradford, Mark Andrew and Pi, Yong-Lin},
	journal = {J. Mech. Mater. Struct.},
	number = {7},
	pages = {1235--1255},
	title = {{Elastic flexural-torsional buckling of circular arches under uniform compression and effects of load height}},
	volume = {1},
	year = {2006}
}

@article{Kang1994,
	author = {Kang, Young J. and Yoo, Chai H.},
	doi = {10.1061/(ASCE)0733-9399(1994)120:10(2072)},
	isbn = {07339399 (ISSN)},
	issn = {0733-9399},
	journal = {Journal of Engineering Mechanics},
	number = {10},
	pages = {2072--2101},
	title = {{Thin-Walled Curved Beams. I: Formulation of Nonlinear Equations}},
	volume = {120},
	year = {1994}
}

@article{Lim2004,
	author = {Lim, Nam Hyoung and Kang, Young Jong},
	doi = {10.1016/j.ijmecsci.2004.08.008},
	issn = {00207403},
	journal = {International Journal of Mechanical Sciences},
	number = {8},
	pages = {1115--1137},
	title = {{Out of plane stability of circular arches}},
	volume = {46},
	year = {2004}
}

@article{Ryu2012,
	author = {Ryu, Hyo-jin and Choi, Jin-yu and Yi, Gyu-sei and Lee, Chin-ok and Lim, Nam-hyoung},
	doi = {10.2174/1874149501206010087},
	issn = {18741495},
	pages = {87--97},
	title = {{Elastic Stability of Circular Arches with the Open Thin-walled Monosymmetric Section Considering the Prebuckling Deformation}},
	year = {2012}
}

@incollection{Barber2011,
	author = {Barber, J.R.},
	booktitle = {Intermediate Mechanics of Materials},
	chapter = {6},
	doi = {10.1007/978-94-007-0295-0_6},
	edition = {2nd},
	pages = {287--352},
	publisher = {Springer Science+Business Media B.V.},
	title = {{Shear and Torsion of Thin-walled Beams}},
	url = {http://www.springerlink.com/index/10.1007/978-94-007-0295-0{\_}6},
	year = {2011}
}


-------------------------------------------------------------------------------
Pippards papers
-------------------------------------------------------------------------------
@article{Pippard1931,
	author = {Pippard, A.J.S. and Francis, W.E.},
	doi = {10.1080/14786443109461681},
	journal = {Philosophical Magazine},
	number = {69},
	pages = {233--285},
	title = {{On a Theoretical and Experimental Investigation of the Stresses in a Radially Spoked Wire Wheel under Loads applied to the Rim}},
	volume = {11},
	year = {1931}
}

@article{Pippard1932b,
	author = {Pippard, A.J.S. and White, M.J.},
	doi = {10.1080/14786443209462053},
	journal = {Philosophical Magazine},
	number = {90},
	title = {{The Stresses in a Wire Wheel with non-Radial Spokes under Loads applied to the Rim}},
	volume = {14},
	year = {1932}
}

@article{Pippard1932a,
	author = {Pippard, A.J.S. and Francis, W.E.},
	doi = {10.1080/14786443209462081},
	journal = {Philosophical Magazine},
	number = {91},
	pages = {436--445},
	title = {{The Stresses in a Wire Wheel under Side Loads on the Rim}},
	volume = {14},
	year = {1932}
}

-------------------------------------------------------------------------------
Uncategorized
-------------------------------------------------------------------------------
@article{Weidman2004,
	author = {Weidman, Patrick and Pinelis, Iosif},
	doi = {10.1016/j.crme.2004.02.021},
	issn = {16310721},
	journal = {Comptes Rendus - Mecanique},
	number = {7},
	pages = {571--584},
	title = {{Model equations for the Eiffel Tower profile: Historical perspective and new results}},
	volume = {332},
	year = {2004}
}

@book{Miller1997,
	address = {New York},
	author = {Miller, Donald L.},
	isbn = {978-0684831381},
	publisher = {Simon {\&} Schuster},
	title = {{City of the Century: The Epic of Chicago and the Making of America}},
	year = {1997}
}

@article{Roe1978,
	author = {Roe, G. E. and Pickering, W. M. and Zinober, A.},
	doi = {10.4271/780307},
	journal = {SAE Transactions},
	number = {2},
	pages = {1397--1408},
	title = {{The Oscillations of a Flexible Castor, and the Effect of Front Fork Flexibility on the Stability of Motorcycles}},
	volume = {87},
	year = {1978}
}

@article{Spierings1981,
	author = {Spierings, P.T.J},
	doi = {10.1080/00423118108968633},
	isbn = {0042311810},
	issn = {0042-3114},
	journal = {Vehicle System Dynamics},
	month = {feb},
	number = {1},
	pages = {21--35},
	title = {{The Effects of Lateral Front Fork Flexibility on the Vibrational Modes of Straight-Running Single-Track Vehicles}},
	url = {http://www.tandfonline.com/doi/abs/10.1080/00423118108968633},
	volume = {10},
	year = {1981}
}

@article{Crisfield1981,
	author = {Crisfield, M. A.},
	doi = {10.1016/0045-7949(81)90108-5},
	isbn = {0045-7949},
	issn = {00457949},
	journal = {Computers and Structures},
	number = {1-3},
	pages = {55--62},
	title = {{A fast incremental/iterative solution procedure that handles "snap-through"}},
	volume = {13},
	year = {1981}
}

@article{Chung2011,
	author = {Chung, Jun Young and Nolte, Adam J. and Stafford, Christopher M.},
	doi = {10.1002/adma.201001759},
	isbn = {1521-4095 (Electronic)$\backslash$n0935-9648 (Linking)},
	issn = {09359648},
	journal = {Advanced Materials},
	number = {3},
	pages = {349--368},
	pmid = {20814918},
	title = {{Surface wrinkling: A versatile platform for measuring thin-film properties}},
	volume = {23},
	year = {2011}
}

@article{Glaskin2015,
	author = {Glaskin, Max},
	journal = {Cyclist},
	title = {{The science behind spokes}},
	url = {http://www.cyclist.co.uk/in-depth/85/the-science-behind-spokes},
	year = {2015}
}

@misc{PapadopoulosPriv, 
	author = {Papadopoulos, Jim M.},
	howpublished = {personal communication}
}

@article{FerrisWheelDiscussion,
	journal = {Engineering News and American Railway Journal},
	pages = {349--350},
	title = {{Discussion: Stresses in the Ferris Wheel}},
	volume = {31},
	year = {1894}
}

@misc{Ghanta2010,
	author = {Ghanta, Praveen},
	booktitle = {True Cost Blog},
	title = {{No Title}},
	url = {https://truecostblog.com/2010/05/27/fuel-efficiency-modes-of-transportation-ranked-by-mpg/},
	urldate = {2018-09-17},
	year = {2010}
}

@book{Pridmore1996,
	address = {Minneapolis, MN},
	author = {Pridmore, Jay and Hurd, Jim},
	isbn = {978-0760301272},
	pages = {16},
	publisher = {Motorbooks, Int'l},
	title = {{Schwinn Bicycles}},
	year = {1996}
}

@misc{Sturges,
	author = {Sturges, Barbara},
	title = {{League of American Bicyclists - Detailed History}},
	url = {https://bikeleague.org/content/mission-and-history},
	urldate = {2018-09-12}
}

@misc{Brown2011,
	author = {Brown, Sheldon and Allen, John},
	title = {{Wheelbuilding}},
	url = {https://www.sheldonbrown.com/wheelbuild.html},
	urldate = {August 14, 2018},
	year = {2011}
}

@article{Forester1980,
	author = {Forester, John},
	journal = {American Wheelmen},
	month = {aug},
	title = {{Held Up By Downard Pull}},
	url = {http://johnforester.com/Articles/BicycleEng/Wheel.htm},
	year = {1980}
}

@misc{Fine1998,
	author = {Fine, Thomas A},
	title = {{Hubs hang from the rim!}},
	url = {http://hea-www.harvard.edu/{~}fine/opinions/bikewheel.html},
	urldate = {2018-08-14},
	year = {1998}
}

@article{Huang2007,
	author = {Huang, X. and Xie, Y.M.},
	doi = {10.1016/j.finel.2007.06.006},
	isbn = {0168-874X},
	issn = {0168874X},
	journal = {Finite Elements in Analysis and Design},
	month = {oct},
	number = {14},
	pages = {1039--1049},
	title = {{Convergent and mesh-independent solutions for the bi-directional evolutionary structural optimization method}},
	volume = {43},
	year = {2007}
}

@article{Deb2014,
	author = {Deb, Kalyanmoy and Jain, Himanshu},
	doi = {10.1109/TEVC.2013.2281535},
	isbn = {1089-778X},
	issn = {1089-778X},
	journal = {IEEE Transactions on Evolutionary Computation},
	month = {aug},
	number = {4},
	pages = {577--601},
	title = {{An Evolutionary Many-Objective Optimization Algorithm Using Reference-Point-Based Nondominated Sorting Approach, Part I: Solving Problems With Box Constraints}},
	volume = {18},
	year = {2014}
}

@article{Deb2002,
	author = {Deb, Kalyanmoy and Pratap, Amrit and Agarwal, Sameer and Meyarivan, T.},
	doi = {10.1109/4235.996017},
	isbn = {1089-778X VO - 6},
	issn = {1089778X},
	journal = {IEEE Transactions on Evolutionary Computation},
	month = {apr},
	number = {2},
	pages = {182--197},
	title = {{A fast and elitist multiobjective genetic algorithm: NSGA-II}},
	volume = {6},
	year = {2002}
}

@article{Zuo2011,
	author = {Zuo, Zhi Hao and Xie, Yi Min and Huang, Xiaodong},
	doi = {10.1115/1.4003411},
	issn = {10500472},
	journal = {Journal of Mechanical Design},
	number = {2},
	pages = {024502},
	title = {{Reinventing the Wheel}},
	volume = {133},
	year = {2011}
}

@book{Goldberg1984,
	address = {Bellingham WA},
	author = {Goldberg, Leonard},
	publisher = {Cascade Bicycle Products},
	title = {{The Spoking Word}},
	year = {1984}
}

@book{Wilson2004,
	address = {Cambridge, MA},
	author = {Wilson, David Gordon and Papadopoulos, Jim M.},
	edition = {3rd},
	publisher = {MIT Press},
	title = {{Bicycling Science}},
	year = {2004}
}

@article{Papadopoulos1986,
	author = {Papadopoulos, Jim M.},
	journal = {Human Power},
	number = {2},
	pages = {1689--1699},
	title = {{Aspects of stored-wheel response}},
	volume = {5},
	year = {1986}
}

@phdthesis{McLundie2007,
	author = {McLundie, W. M.},
	school = {Cranfield University},
	title = {{Investigation of Two-Wheeled Road Traffic Accidents using Explicit FE Techniques}},
	url = {http://hdl.handle.net/1826/3170},
	year = {2007}
}

@techreport{WheelCats2018,
	address = {Evanston, IL},
	author = {Dornbusch, Tina and Doyle, Patrick and Lamb, Duncan and Schneider, Olivia and Simon, Spencer and Wilgenbusch, Emma},
	institution = {Northwestern University, Department of Mechanical Engineering},
	title = {{ME 398 Capstone Design Report: Bicycle Wheel Testing Apparatus}},
	year = {2018}
}

@techreport{Alim2016,
	address = {Boston, MA},
	author = {Alim, Joseph and Koukhtieva, Alexandra and Lamnyi, Mehdi and Tebbe, Simon},
	institution = {Northeastern University Department of Mechanical Engineering and Industrial Engineering},
	title = {{MEIE 4702 Capstone Report Fall 2016: Bicycle Wheel Strength Tester}},
	year = {2016}
}

@article{Salamon1992,
	author = {Salamon, N.J. and Oldham, R.a.},
	doi = {10.1016/0168-874X(92)90019-9},
	issn = {0168874X},
	journal = {Finite Elements in Analysis and Design},
	number = {4},
	pages = {319--333},
	title = {{Analysis for design of spoked bicycle wheels}},
	volume = {10},
	year = {1992}
}

@article{Lazopoulos1991,
	author = {Lazopoulos, K. A},
	doi = {10.1007/BF00794346},
	isbn = {0939-1533},
	issn = {09391533},
	journal = {Arch. Appl. Mech.},
	number = {4},
	pages = {215--221},
	title = {{Column buckling under friction}},
	volume = {61},
	year = {1991}
}

@article{Papadopoulos1995,
author = {Papadopoulos, James M},
doi = {10.1061/(ASCE)0733-9399(1995)121:7(847)},
journal = {Journal of Engineering Mechanics},
number = {7},
pages = {847--849},
title = {{Comment on Bicycle wheel as prestressed structure}},
volume = {121},
year = {1995}
}

@techreport{RARblog,
	institution = {RouesArtisanales.com},
	url = {http://www.rouesartisanales.com}
}
@techreport{Kern2016,
	author = {Kern, Martin},
	institution = {Northeastern University},
	title = {{Finite Element Analysis Simulation of Bicycle Wheel Buckling}},
	year = {2016}
}
@article{SciAm,
	journal = {Scientific American},
	month = {apr},
	pages = {251},
	title = {{Velocipede Notes}},
	year = {1869}
}
@book{Caunter1955,
	address = {London},
	author = {Caunter, C F},
	pages = {13--24},
	publisher = {Her Majesty's Stationery Office},
	title = {{The History and Development of Cycles}},
	year = {1955}
}
@misc{Hjertberg2014,
	author = {Hjertberg, Ric},
	booktitle = {Wheel Fanatyk},
	title = {{Wheelbuilding Tip No. 19 - How Tight is Right?}},
	url = {https://www.wheelfanatyk.com/blog/wheelbuilding-tip-19-tight-right/},
	year = {2014}
}
@article{Trahair1987,
	author = {Trahair, Nicholas S. and Papangelis, John P.},
	journal = {Journal of Structural Engineering},
	number = {10},
	pages = {2271--2288},
	title = {{Flexural-torsional buckling of monosymmetric arches}},
	volume = {113},
	year = {1987}
}
@article{Gavin1996,
	author = {Gavin, Henri P.},
	doi = {10.1061/(ASCE)0733-9399(1996)122:8(736)},
	issn = {0733-9399},
	journal = {Journal of Engineering Mechanics},
	number = {8},
	pages = {736--742},
	title = {{Bicycle-Wheel Spoke Patterns and Spoke Fatigue}},
	volume = {122},
	year = {1996}
}
@mastersthesis{Svensson2015,
	author = {Svensson, Mats Kruger},
	school = {Norwegion University of Science and Technology},
	title = {{Using Evolutionary Multiobjective Optimization Algorithms to Evolve Lacing Patterns for Bicycle Wheels Mats Kr{\"{u}}ger Svensson}},
	year = {2015}
}
@article{Allen1997,
	author = {Allen, John},
	journal = {SheldonBrown.com},
	title = {{Check Spoke Tension by Ear}},
	url = {https://www.sheldonbrown.com/spoke-pitch.html},
	year = {1997}
}
@article{Feng2015,
	author = {Feng, Maria and Fukuda, Yoshio and Mizuta, Masato and Ozer, Ekin},
	doi = {10.3390/s150202980},
	isbn = {1424-8220 (Electronic)
	1424-8220 (Linking)},
	issn = {14248220},
	journal = {Sensors (Switzerland)},
	number = {2},
	pages = {2980--2998},
	pmid = {25643056},
	title = {{Citizen sensors for SHM: Use of accelerometer data from smartphones}},
	volume = {15},
	year = {2015}
}

@book{Sharp1977,
	address = {Cambridge, MA},
	author = {Sharp, Archibald},
	edition = {2nd},
	pages = {337--358},
	publisher = {MIT Press},
	title = {{Bicycles and Tricycles}},
	year = {1977}
}
@article{Sewall1896,
	author = {Sewall, E.D.},
	journal = {Scientific American},
	number = {16},
	pages = {297--298},
	title = {{The Bicycle Wheel}},
	volume = {75},
	year = {1896}
}
@article{Searles1893,
	author = {Searles, W. H.},
	journal = {Journal of the Association of Engineering Societies},
	pages = {614--623},
	title = {{The Ferris Wheel}},
	volume = {12},
	year = {1893}
}
@inproceedings{Grebenik2016,
	author = {Grebenik, J and Zhang, Y and Bingham, C and Srivastava, S},
	booktitle = {17th International Conference on Mechatronics - Mechatronika (ME)},
	isbn = {9788001058831},
	number = {1},
	pages = {1--7},
	title = {{Roller element bearing acoustic fault detection using smartphone and consumer microphones comparing with vibration techniques}},
	year = {2016}
}
@book{Hadland2014,
	address = {Cambridge, MA},
	author = {Hadland, Tony and Lessing, Hans-Ernhard},
	publisher = {MIT Press},
	title = {{Bicycle Design}},
	year = {2014}
}
@book{Hetenyi1946,
	address = {Ann Arbor, MI},
	author = {Hetenyi, M.},
	publisher = {Univ. of Michigan Press},
	title = {{Beams on elastic foundation}},
	year = {1946}
}
@book{Brandt1993,
	address = {Palo Alto, CA},
	annote = {First edition: 1981},
	author = {Brandt, Jobst},
	edition = {3rd},
	isbn = {0-9607236-6-8},
	pages = {147},
	publisher = {Avocet},
	title = {{The Bicycle Wheel}},
	year = {1993}
}
@article{Burgoyne1993,
	author = {Burgoyne, C.J. and Dilmaghanian, R.},
	doi = {10.1061/(ASCE)0733-9399(1993)119:3(439)},
	journal = {Journal of Engineering Mechanics},
	number = {3},
	pages = {439--455},
	title = {{Bicycle wheel as prestressed structure}},
	volume = {119},
	year = {1993}
}
@article{Allsop2009,
	author = {Allsop, Andrew and Dallard, Pat and McNiven, Brendon},
	doi = {10.2749/101686609787398326},
	issn = {10168664},
	journal = {Structural Engineering International},
	month = {feb},
	number = {1},
	pages = {12--16},
	title = {{The Singapore Flyer and Design of Giant Observation Wheels, Singapore}},
	volume = {19},
	year = {2009}
}
@article{Rinard,
	author = {Rinard, Damon},
	title = {{Wheel Stiffness Test}},
	journal = {SheldonBrown.com},
	url = {http://sheldonbrown.com/rinard/wheel},
	urldate = {2015-10-22}
}
@book{Larson2004,
	author = {Larson, Erik},
	publisher = {Vintage Books},
	title = {{The Devil in the White City: Murder, Magic, and Madness at the Fair That Changed America}},
	year = {2004}
}
@book{Herlihy2004,
	author = {Herlihy, David V.},
	publisher = {Yale University Press},
	title = {{Bicycle: The History}},
	year = {2004}
}
@inproceedings{Clayton1991,
	address = {Saint-Etienne, France},
	author = {Clayton, Nick},
	booktitle = {International Cycling History Conference 2},
	pages = {46--49},
	title = {{The Development of the Suspension Wheel}},
	year = {1991}
}
@phdthesis{Stroberg2016,
	author = {Stroberg, T.W.},
	number = {March},
	school = {Northwestern University},
	title = {{Platelet Shape Change Induced by Marginal Band Instability}},
	year = {2016}
}
@article{Kong2016,
	author = {Kong, Qingkai and Allen, Richard M. and Schreier, Louis and Kwon, Young Woo},
	doi = {10.1126/sciadv.1501055},
	isbn = {2375-2548 (Electronic) 2375-2548 (Linking)},
	issn = {23752548},
	journal = {Science advances},
	number = {2},
	pages = {e1501055},
	pmid = {26933682},
	title = {{MyShake: A smartphone seismic network for earthquake early warning and beyond}},
	volume = {2},
	year = {2016}
}
@book{Reid2015,
	author = {Reid, Carlton},
	isbn = {978-1610916899},
	pages = {189},
	publisher = {Island Press},
	title = {{Roads Were Not Built for Cars: How cyclists were the first to push for good roads {\&} became the pioneers of motoring}},
	year = {2015}
}
@article{Kopecky2013,
	author = {Kopecky, Greg},
	journal = {SlowTwitch.com},
	title = {{Debunking Wheel Stiffness}},
	url = {https://www.slowtwitch.com/Tech/Debunking{\_}Wheel{\_}Stiffness{\_}3449.html},
	year = {2013}
}
@misc{Pepelko2016,
	author = {Pepelko, Douglas},
	publisher = {iTunes App Store},
	title = {{Spoke Tension Gauge}},
	year = {2016}
}

@book{Crown1996,
	author = {Crown, Judith and Coleman, Glenn},
	publisher = {Henry Holt {\&} Co.},
	title = {{No Hands: The Rise and Fall of the Schwinn Bicycle Company, an American Institution}},
	year = {1996}
}

@article{Salawu1997,
	author = {Salawu, O.S.},
	doi = {10.1016/S0141-0296(96)00149-6},
	isbn = {0141-0296},
	issn = {01410296},
	journal = {Engineering Structures},
	month = {sep},
	number = {9},
	pages = {718--723},
	title = {{Detection of structural damage through changes in frequency: a review}},
	volume = {19},
	year = {1997}
}
@book{Ewins1984,
	address = {New York},
	author = {Ewins, D.J.},
	publisher = {Wiley},
	title = {{Modal testing: theory and practice}},
	year = {1984}
}
@article{Morgenthal2012,
	author = {Morgenthal, Guido and H{\"{o}}pfner, Hagen},
	doi = {10.1007/s13349-012-0025-0},
	issn = {21905452},
	journal = {Journal of Civil Structural Health Monitoring},
	number = {3-4},
	pages = {149--161},
	title = {{The application of smartphones to measuring transient structural displacements}},
	volume = {2},
	year = {2012}
}
@article{Guo2014,
	author = {Guo, Y L and Zhao, S Y and Dou, C and Pi, Yong-Lin},
	doi = {10.1061/(asce)st.1943-541x.0000987},
	isbn = {0733-9445},
	journal = {Journal of Structural Engineering},
	number = {10},
	pages = {9},
	title = {{Out-of-Plane Elastic Buckling of Circular Arches with Elastic End Restraints}},
	volume = {140},
	year = {2014}
}
@mastersthesis{Keller2013,
	author = {Keller, Jason},
	school = {University of Southern Queensland},
	title = {{Optimisation of the Spoked Bicycle Wheel}},
	year = {2013}
}
@techreport{Ng2012,
	author = {Ng, Jinny},
	institution = {Rensselaer Polytechnic Institute},
	title = {{Finite Element Analysis of a Bicycle Wheel : The Effects of the Number of Spokes on the Radial Stiffness}},
	year = {2012}
}
@article{Smith1901,
	author = {Smith, Bernard A},
	isbn = {9788578110796},
	issn = {1098-6596},
	journal = {Rep. Aust. As.},
	pages = {197--203},
	title = {{The Bicycle Wheel}},
	volume = {8},
	year = {1901}
}

@article{Ackroyd2011,
	author = {Ackroyd, J. A. D},
	journal = {Journal of Aeronautical History},
	pages = {130--181},
	title = {{Sir George Cayley: The Invention of the Aeroplane near Scarborough at the Time of Trafalgar}},
	volume = {1},
	year = {2011}
}
@book{Timoshenko1955,
	address = {New York},
	author = {Timoshenko, Stephen P and Young, D.H.},
	edition = {3rd ed.},
	publisher = {D. Van Nostrand Company},
	title = {{Vibration Problems in Engineering}},
	year = {1955}
}
@book{Timoshenko1961,
	address = {New York},
	author = {Timoshenko, Stephen P. and Gere, James M.},
	edition = {2nd},
	publisher = {McGraw-Hill},
	title = {{Theory of Elastic Stability}},
	year = {1961}
}
@article{Mann2001,
	author = {Mann, A.P. and Thompson, N. and Smits, M.},
	journal = {Proceedings of the Institution of Civil Engineers - Civil Engineering},
	number = {2},
	pages = {60--72},
	title = {{Building the British Airways London Eye}},
	volume = {144},
	year = {2001}
}
@article{Bradford2002,
	author = {Bradford, Mark Andrew and Pi, Yong-Lin},
	doi = {10.1061/(ASCE)0733-9445(2002)128:6(719)},
	isbn = {6129385501},
	issn = {0733-9445},
	journal = {Journal of Structural Engineering},
	number = {6},
	pages = {719--727},
	title = {{Elastic Flexural-Torsional Buckling of Discretely Restrained Arches}},
	volume = {128},
	year = {2002}
}
@book{Smith1972,
	author = {Smith, Robert A},
	publisher = {American Heritage Press},
	title = {{A Social History of the Bicycle}},
	year = {1972}
}
@article{Minguez2008,
	author = {Minguez, J M and Vogwell, J},
	journal = {Journal of Mechanical Engineering Science2},
	number = {4},
	pages = {563--576},
	title = {{An analytical model to study the radial stiffness and spoke load distribution in a modern racing bicycle wheel}},
	volume = {222},
	year = {2008}
}
@article{Hartz2002,
	author = {Hartz, Andrew D},
	pages = {5--6},
	title = {{Finite Element Analysis of the Classic Bicycle Wheel}},
	year = {2002}
}
